@Book{Dil00,
  author = {Diller, A.},
  title = {LaTeX wiersz po wierszu},
  publisher = {Wydawnictwo Helion},
  year = {2000},
  address = {Gliwice},
  langid = {polish},
}

@Article{Sut17,
  Author = "Sutcliffe, G.",
  Year = "2017",
  Title = "{The TPTP Problem Library and Associated Infrastructure.
            From CNF to TH0, TPTP v6.4.0}",
  Journal = "Journal of Automated Reasoning",
  Volume = "59",
  Number = "4",
  Pages = "483-502"
  note = "TPTP is available online at http://www.tptp.org"
} 

@TECHREPORT{BarFT-RR-17,
  author =	 {Clark Barrett and Pascal Fontaine and Cesare Tinelli},
  title =	 {{The SMT-LIB Standard: Version 2.6}},
  institution =	 {Department of Computer Science, The University of Iowa},
  year =	 2017,
  note =	 {Available at {\tt www.SMT-LIB.org}}
}

@Article{Hol00,
  Author = "Holger H. Hoos, Thomas St√ºtzle",
  Year = "2000",
  Title = "The TPTP Problem Library and Associated Infrastructure. From CNF to TH0, TPTP v6.4.0",
  Journal = "I.P.Gent, H.v.Maaren, T.Walsh",
  Pages = "283-292"
  note = "SATLIB is available online at www.satlib.org"
} 

