@Book{Dil00,
  author = {Diller, A.},
  title = {LaTeX wiersz po wierszu},
  publisher = {Wydawnictwo Helion},
  year = {2000},
  address = {Gliwice},
  langid = {polish},
}

@Article{Sut17,
  Author = "Sutcliffe, G.",
  Year = "2017",
  Title = "{The TPTP Problem Library and Associated Infrastructure.
            From CNF to TH0, TPTP v6.4.0}",
  Journal = "Journal of Automated Reasoning",
  Volume = "59",
  Number = "4",
  Pages = "483-502",
  note = "TPTP is available online at http://www.tptp.org"
} 

@TECHREPORT{BarFT-RR-17,
  author =	 {Clark Barrett and Pascal Fontaine and Cesare Tinelli},
  title =	 {{The SMT-LIB Standard: Version 2.6}},
  institution =	 {Department of Computer Science, The University of Iowa},
  year =	 2017,
  note =	 {Available at {\tt www.SMT-LIB.org}}
}

@Article{Hol00,
  Author = "Holger H. Hoos, Thomas Stützle",
  Year = "2000",
  Title = "The TPTP Problem Library and Associated Infrastructure. From CNF to TH0, TPTP v6.4.0",
  Journal = "I.P.Gent, H.v.Maaren, T.Walsh",
  Pages = "283-292",
  note = "SATLIB is available online at www.satlib.org"
} 

@Book{Bun83,
    Author       = "Bundy, A.",
    Year         = "1983",
    Title        = "{The Computer Modelling of Mathematical Reasoning}",
    Publisher    = "Academic Press",
    Comment      = "TPTPRef, general reasoning"
}

@Unpublished{McC-Otter-URL,
    Author       = "McCune, W.W.",
    Year         = "",
    Title        = "{Otter: An Automated Deduction System}",
    Note         = "http://www.cs.unm.edu/~mccune/otter/",
    Comment      = "TPTPRef,TPTPCite"
}

@Article{SM96,
    Author       = "Sutcliffe, G. and Melville, S.",
    Year         = "1996",
    Title        = "{The Practice of Clausification in Automatic Theorem
                    Proving}",
    Journal      = "South African Computer Journal",
    Volume       = "18",
    Pages        = "57-68",
    Comment      = "TPTPRef,TPTPCite"
}

@Book{Klimek99,
    Author = "Klimek, Radosław",
    Year = "1999",
    Title = "Wprowadzenie do logiki temporalnej",
    Publisher = "Kraków : AGH. Uczelniane Wydawnictwa Naukowo-Dydaktyczne",
    Pages = "104-142"
}

@Article{Lampert77,
    Author = "L. Lampert",
    Year = "1977",
    Title = "Proving the correctness of multiprocess programs",
    Journal = "IEEE Transactions on Software Engineering",
    Volume = "SE-3",
    Number = "2",
    Pages = "125-143"
}

@inproceedings{Z308,
 author = {De Moura, Leonardo and Bj{\o}rner, Nikolaj},
 title = {Z3: An Efficient SMT Solver},
 booktitle = {Proceedings of the Theory and Practice of Software, 14th International Conference on Tools and Algorithms for the Construction and Analysis of Systems},
 series = {TACAS'08/ETAPS'08},
 year = {2008},
 isbn = {3-540-78799-2, 978-3-540-78799-0},
 location = {Budapest, Hungary},
 pages = {337--340},
 numpages = {4},
 url = {http://dl.acm.org/citation.cfm?id=1792734.1792766},
 acmid = {1792766},
 publisher = {Springer-Verlag},
 address = {Berlin, Heidelberg},
}

@incollection{series/faia/SilvaLM09,
  added-at = {2009-09-16T00:00:00.000+0200},
  author = {Silva, João P. Marques and Lynce, Inês and Malik, Sharad},
  biburl = {https://www.bibsonomy.org/bibtex/22632bbfbe3189679c0278d88e8add7ec/dblp},
  booktitle = {Handbook of Satisfiability},
  date = {2009-09-16},
  description = {dblp},
  editor = {Biere, Armin and Heule, Marijn and van Maaren, Hans and Walsh, Toby},
  ee = {http://dx.doi.org/10.3233/978-1-58603-929-5-131},
  interhash = {db31b8ef35034233a9bdfab32a658673},
  intrahash = {2632bbfbe3189679c0278d88e8add7ec},
  isbn = {978-1-58603-929-5},
  keywords = {dblp},
  pages = {131-153},
  publisher = {IOS Press},
  series = {Frontiers in Artificial Intelligence and Applications},
  timestamp = {2009-09-17T11:34:49.000+0200},
  title = {Conflict-Driven Clause Learning SAT Solvers.},
  url = {http://dblp.uni-trier.de/db/series/faia/faia185.html#SilvaLM09},
  volume = 185,
  year = 2009
}

@unpublished{prover9-mace4,
    author = "W. McCune",
    title = "Prover9 and Mace4",
    note = "|http://www.cs.unm.edu/~mccune/prover9/|",
    year = "2005--2010",
}
@unpublished{ToughSAT,
    author = "Henry Yuen and Joseph Bebel",
    title = "Tough SAT",
    note = "|https://toughsat.appspot.com/|",
}

@unpublished{CNFGen,
    author = "Massimo Lauria",
    title = "CNM Gen",
    note = "|https://massimolauria.net/cnfgen/|",
}
  
@inproceedings{Z3Solver,
 author = {De Moura, Leonardo and Bj\o{}rner, Nikolaj},
 title = {Z3: An Efficient SMT Solver},
 year = {2008},
 isbn = {3540787992},
 publisher = {Springer-Verlag},
 address = {Berlin, Heidelberg},
 booktitle = {Proceedings of the Theory and Practice of Software, 14th International Conference on Tools and Algorithms for the Construction and Analysis of Systems},
 pages = {337–340},
 numpages = {4},
 location = {Budapest, Hungary},
}
